@article{Amestoy-2000-MPD,
    AUTHOR = {Amestoy, P. R. and Duff, I. S. and L'Excellent, J.-Y.},
     TITLE = {Multifrontal parallel distributed symmetric and unsymmetric solvers},
   xJOURNAL = {Comput. Methods Appl. Mech. Engrg.},
  JOURNAL = {Computer Methods in Applied Mechanics and Engineering},
    VOLUME = {184},
      YEAR = {2000},
     PAGES = {501--520},
}

@book{Bear-1988-DFP,
   author = {Bear, Jacob},
    title = {Dynamics of Fluids in Porous Media},
     year = {1988},
publisher = {Dover},
}

@article{Benzi-2005-NSS,
author={Michele Benzi and Golub, Gene H. and J{\"o}rg Liesen},
title = {Numerical solution of saddle point problems},
journal = {Acta Numerica},
volume = {14},
year = {2005},
pages = {1--137},
}

@BOOK{Brezzi-1991-MHF,
  AUTHOR       = "F. Brezzi and M. Fortin",
  TITLE        = "Mixed and Hybrid Finite Element Methods",
  PUBLISHER    = "Springer-Verlag",
  YEAR         = 1991,
  xADDRESS      = "New York -- Berlin -- Heidelberg"
}

@inproceedings{Brezina-2010-MHF,
   author = {B\v{r}ezina, Jan and Hokr, Milan},
    title = {Mixed-hybrid formulation of multidimensional fracture flow},
booktitle = {Proceedings of the 7th international conference on Numerical methods and applications},
   series = {NMA'10},
     year = {2011},
     isbn = {978-3-642-18465-9},
 location = {Borovets, Bulgaria},
    pages = {125--132},
 numpages = {8},
    xnote = {\url{http://dl.acm.org/citation.cfm?id=1945690.1945707}},
    acmid = {1945707},
publisher = {Springer-Verlag},
  address = {Berlin, Heidelberg},
 keywords = {Schur complement, fracture flow, multidimensional coupling},
} 

@incollection{Certikova-2013-SIW,
   author = {{\v{C}}ert{\'{\i}}kov{\'{a}}, Marta and \v{S}\'{\i}stek, Jakub  and Burda, Pavel},
   title  = {On selection of interface weights in domain decomposition methods},
   booktitle = "{Proceedings of
                Programs and Algorithms of Numerical Mathematics 16,
                Doln\'{\i} Maxov, Czech Republic,
                June 3--8, 2012}",
   publisher = "{Institute of Mathematics AS CR}",
   pages     = "35-44",
   ISBN      = "978-80-85823-62-2",
   year      = {2013},
}

@book{Chen-2006-CMM,
   author = {Chen, Zhangxin and Huan, Guanren and Ma, Yuanle},
    title = {Computational Methods for Multiphase Flows in Porous Media},
     year = {2006},
publisher = {SIAM},
}

@article {Cowsar-1995-BDD,
    AUTHOR = {Cowsar, Lawrence C. and Mandel, Jan and Wheeler, Mary F.},
     TITLE = {Balancing domain decomposition for mixed finite elements},
   xJOURNAL = {Math. Comp.},
  JOURNAL = {Mathematics of Computation},
    VOLUME = {64},
      YEAR = {1995},
    NUMBER = {211},
     PAGES = {989--1015}
}

@incollection{Cros-2003-PSC,
   AUTHOR = {Cros, Jean-Michel},
    TITLE = {A preconditioner for the {S}chur complement domain decomposition method},
BOOKTITLE = {Domain Decomposition Methods in Science and Engineering},
   EDITOR = {Herrera, Ismael and Keyes, David E. and Widlund, Olof B.},
PUBLISHER = {National Autonomous University of Mexico (UNAM), M\'exico},
     YEAR = {2003},
    PAGES = {373--380},
     NOTE = {14th International Conference on Domain
             Decomposition Methods, Cocoyoc, Mexico, January 6--12, 2002},
}

@article{Dohrmann-2003-PSC,
 AUTHOR = {Dohrmann, Clark R.},
     TITLE = {A preconditioner for substructuring based on constrained
              energy minimization},
   JOURNAL = {SIAM J. Sci. Comput.},
  FJOURNAL = {SIAM Journal on Scientific Computing},
    VOLUME = {25},
      YEAR = {2003},
    NUMBER = {1},
     PAGES = {246--258},
      ISSN = {1095-7197},
   MRCLASS = {74S30 (65F10 74G65)},
  MRNUMBER = {MR2047204 (2004k:74099)},
}

@article{Dohrmann-2006-PBP,
   author = {Clark R. Dohrmann and Richard B. Lehoucq},
    title = {A Primal-Based Penalty Preconditioner for Elliptic Saddle Point
            Systems},
publisher = {SIAM},
     year = {2006},
  journal = {SIAM Journal on Numerical Analysis},
   volume = {44},
   number = {1},
    pages = {270--282},
     xurl = {http://link.aip.org/link/?SNA/44/270/1},
     xdoi = {10.1137/040619016},
}

@book {Elman-2005-FEF,
    AUTHOR = {Elman, Howard C. and Silvester, David J. and Wathen, Andrew
              J.},
     TITLE = {Finite elements and fast iterative solvers: with applications
              in incompressible fluid dynamics},
    SERIES = {Numerical Mathematics and Scientific Computation},
 PUBLISHER = {Oxford University Press},
   xADDRESS = {New York},
      YEAR = {2005},
     PAGES = {xiv+400},
      ISBN = {978-0-19-852868-5; 0-19-852868-X},
   MRCLASS = {65-02 (65N22 65N30 76M10)},
  MRNUMBER = {MR2155549 (2006f:65002)},
MRREVIEWER = {J{\'a}nos Kar{\'a}tson},
}

@article{Fragakis-2003-MHP,
    author="Yannis Fragakis and Manolis Papadrakakis",
    title="The mosaic of high performance Domain Decomposition Methods
        for Structural Mechanics: {F}ormulation, interrelation and
        numerical efficiency of primal and dual methods",
     xJOURNAL = {Comput. Methods Appl. Mech. Engrg.},
  JOURNAL = {Computer Methods in Applied Mechanics and Engineering},
    VOLUME = {192},
      YEAR = {2003},
     pages = {3799--3830},
}

@INPROCEEDINGS{Glowinski-1988-DDM,
  AUTHOR       = "Roland Glowinski and Mary F. Wheeler",
  TITLE        = "Domain Decomposition and Mixed Finite
                  Element Methods for Elliptic Problems",
  BOOKTITLE    = "First International Symposium on Domain Decomposition
                  Methods for Partial Differential Equations",
  YEAR         = 1988,
  EDITOR       = "Roland Glowinski and Gene H. Golub and G{\'e}rard A. Meurant and
          Jacques P{\'e}riaux",
  PUBLISHER    = "SIAM",
  xADDRESS      = "Philadelphia, PA"
}

@article{Gulbransen-2010-MMF,
 author = {Gulbransen, Astrid Fossum and Hauge, Vera Louise and Lie, Knut-Andreas},
  title = {A Multiscale Mixed Finite-Element Method for Vuggy and Naturally-Fractured Reservoirs},
journal = {SPE Journal},
   year = {2010},
 volume = {15},
 number = {2},
  pages = {395--403},
   issn = {1086-055X},
    xdoi = {10.2118/119104-MS},
   xnote = {\url{http://folk.uio.no/kalie/papers/spe119104-spej.pdf}},
}

@article {Karypis-1998-FHQ,
    AUTHOR = {Karypis, George and Kumar, Vipin},
     TITLE = {A fast and high quality multilevel scheme for partitioning
              irregular graphs},
   xJOURNAL = {SIAM J. Sci. Comput.},
  JOURNAL = {SIAM Journal on Scientific Computing},
    VOLUME = {20},
      YEAR = {1998},
    NUMBER = {1},
     PAGES = {359--392},
      ISSN = {1064-8275},
   MRCLASS = {68R10 (05C85 65Y99)},
  MRNUMBER = {MR1639073 (99f:68158)},
}

@article{Klawonn-2008-AFA,
author = {Axel Klawonn and Oliver Rheinbach and Olof B. Widlund},
title = {An Analysis of a {FETI-DP} Algorithm on Irregular Subdomains in the Plane},
publisher = {SIAM},
year = {2008},
xjournal = {SIAM J. Numer. Anal.},
journal = {SIAM Journal on Numerical Analysis},
volume = {46},
number = {5},
pages = {2484-2504},
keywords = {domain decomposition; preconditioners; iterative substructuring; dual-primal FETI; John and uniform domains; fractal subdomains},
xdoi = {10.1137/070688675}
}

@article{Li-2006-BAI,
author = {Jing Li and Olof B. Widlund},
collaboration = {},
title = {{BDDC} Algorithms for Incompressible {S}tokes Equations},
publisher = {SIAM},
year = {2006},
xjournal = {{SIAM} J. Numer. Anal.},
journal = {SIAM Journal on Numerical Analysis},
volume = {44},
number = {6},
pages = {2432-2455},
keywords = {domain decomposition; incompressible Stokes; preconditioners; mixed finite elements},
xdoi = {10.1137/050628556}
}


@article{Mandel-2003-CBD,
AUTHOR = {Mandel, Jan and Dohrmann, Clark R.},
     TITLE = {Convergence of a balancing domain decomposition by constraints
              and energy minimization},
      xNOTE = {Dedicated to the 70th birthday of Ivo Marek},
   xJOURNAL = {Numer. Linear Algebra Appl.},
  JOURNAL = {Numerical Linear Algebra with Applications},
    VOLUME = {10},
      YEAR = {2003},
    NUMBER = {7},
     PAGES = {639--659},
         xdoi="10.1002/nla.341"
}

@article{Mandel-2005-ATP,
    AUTHOR = {Mandel, Jan and Dohrmann, Clark R. and Tezaur, Radek},
     TITLE = {An algebraic theory for primal and dual substructuring methods
              by constraints},
   JOURNAL = {Appl. Numer. Math.},
  FJOURNAL = {Applied Numerical Mathematics. An IMACS Journal},
    VOLUME = {54},
      YEAR = {2005},
    NUMBER = {2},
     PAGES = {167--193},
      ISSN = {0168-9274},
      xnote = "Available online 30 October 2004"
}

@article{Mandel-2007-ASF,
   title="Adaptive Selection of Face Coarse Degrees of
          Freedom in the {BDDC} and the {FETI-DP}
          Iterative Substructuring Methods",
   author="Jan Mandel and Bed{\v r}ich Soused{\'\i}k",
   xjournal="Comput. Methods Appl. Mech. Engrg.",
   journal="{C}omputer Methods in Applied Mechanics and Engineering",
   volume="196",
   year="2007",
   number="8",
   pages="1389--1399",
   xdoi="10.1016/j.cma.2006.03.010"
}

@article{Mandel-2007-BFM,
author="Mandel, Jan and Soused{\'\i}k, Bed{\v r}ich",
title="{BDDC} and {FETI-DP} under Minimalist Assumptions",
year="2007",
journal="Computing",
volume="81",
pages="269--280",
preprint = "arxiv:0708.4031",
}

@article{Mandel-2008-MMB,
title="Multispace and Multilevel {BDDC}",
author="Mandel, Jan and Soused{\'\i}k, Bed{\v r}ich and Dohrmann, Clark R.",
year="2008",
journal="Computing",
volume="83",
number = "2-3",
pages="55--85",
xdoi = "10.1007/s00607-008-0014-7",
preprint ="arxiv:0712.3977"
}

@article{Mandel-2012-ABT,
   author = "Mandel, Jan and Soused\'{\i}k, Bed\v{r}ich and \v{S}\'{\i}stek, Jakub",
    title = "Adaptive {BDDC} in Three Dimensions",
  xJOURNAL = "Math. Comput. Simulation",
 journal = "Mathematics and Computers in Simulation",
   volume = "82",
   number = "10",
    pages = "1812--1831",
     year = "2012",
     xdoi = "10.1016/j.matcom.2011.03.014",
 preprint = "arXiv:0910.5863"
}

@article{Martin-2005-MFB,
  author = {Martin, Vincent and Jaffr{\'e}, J{\'e}r\^{o}me and Roberts, Jean E.},
   title = {Modeling Fractures and Barriers as Interfaces for Flow in Porous Media},
journal = {SIAM Journal on Scientific Computing},
 xjournal = {SIAM J. Sci. Comput.},
    year = {2005},
  volume = {26},
  number = {5},
    issn = {1064-8275},
   pages = {1667--1691},
     xdoi = {10.1137/S1064827503429363},
   acmid = {1061206},
keywords = {barriers, domain decomposition, faults, flow in porous media, fractures, mixed finite elements},
} 

@article{Maryska-1995-MHF,
 author = {Mary\v{s}ka, Ji\v{r}\'{i} and Rozlo\v{z}n\'{i}k, Miroslav and T\r{u}ma, Miroslav},
  title = {Mixed-hybrid finite element approximation of the potential fluid flow problem},
journal = {Journal of Computational and Applied Mathematics},
 volume = {63},
  pages = {383--392},
   year = {1995},
   issn = {0377-0427},
    xdoi = {10.1016/0377-0427(95)00066-6},
   xnote = {Proceedings of the International Symposium on Mathematical Modelling and Computational Methods Modelling 94},
}

@article{Maryska-2000-SCS,
  author = {Mary\v{s}ka, Ji\v{r}\'{i} and Rozlo\v{z}n\'{i}k, Miroslav and T\r{u}ma, Miroslav},
   title = {Schur Complement Systems in the Mixed-Hybrid Finite Element Approximation of the Potential Fluid Flow Problem},
journal = {SIAM Journal on Scientific Computing},
 xjournal = {SIAM J. Sci. Comput.},
    year = {2000},
  volume = {22},
  number = {2},
   pages = {704--723},
    issn = {10648275},
     xdoi = {10.1137/S1064827598339608},
}

@article{Maryska-2005-NSF,
 author = {Mary\v{s}ka, Ji\v{r}\'{i} and Sever\'{y}n, Otto and Vohral\'{i}k, Martin},
  title = {Numerical simulation of fracture flow with a mixed-hybrid {FEM} stochastic discrete fracture network model},
journal = {Computational Geosciences},
   year = {2005},
  pages = {217--234},
 volume = {8},
  issue = {3},
   issn = {1420-0597},
    xdoi = {10.1007/s10596-005-0152-3},
}

@incollection{Oden-1977-DMH,
author={Oden, J.T. and Lee, J.K.},
title={Dual-Mixed Hybrid finite element method for second-order elliptic problems},
booktitle={Mathematical Aspects of Finite Element Methods},
year={1977},
volume={606},
series={Lecture Notes in Mathematics},
editor={Galligani, Ilio and Magenes, Enrico},
xdoi={10.1007/BFb0064469},
publisher={Springer Berlin Heidelberg},
pages={275--291}
}

@techreport{Oh-2013-BAR,
     AUTHOR = {Oh, Duk-Soon and Widlund, Olof B. and Dohrmann, Clark R.},
      TITLE = {A {BDDC} algorithm for {R}aviart-{T}homas vector fields},
       YEAR = {2013}, 
INSTITUTION = {Courant Institue of Mathematical Sciences},
     NUMBER = {TR-951},
      MONTH = {Feb.}, 
       NOTE = {Department of Computer Science},
} 

@article{Pultarova-2012-PCP,
  author = "Ivana Pultarov\'{a}",
   title = "Preconditioning of the coarse problem in the method of 
         balanced domain decomposition by constraints",
 journal = "Math. Comput. Simulation",
fjournal = "Mathematics and Computers in Simulation",
    year = "2012",
  volume = "82",
  number = "10",
   pages = "1788--1798",
    issn = "0378-4754",
}

@article{Sousedik-2008-EPD,
   author = {Soused\'ik, Bed\v{r}ich and Mandel, Jan},
    title = {On the Equivalence of Primal and Dual Substructuring
               Preconditioners},
    xnote = "Published online September 30, 2009",
    preprint="http://arXiv.org/abs/0802.4328",
    xnote="\url{http://etna.mcs.kent.edu/vol.31.2008/pp384-402.dir/pp384-402.html}",
     year = {2008},
  xjournal = {Electron. Trans. Numer. Anal.},
 journal = {Electronic Transactions on Numerical Analysis},
   volume = {31},
    pages = {384--402}
}

@article{Sousedik-2013-AMB,
 author = {Soused\'{\i}k, Bed\v{r}ich and \v{S}\'{\i}stek, Jakub and Mandel, Jan},
  title = {{A}daptive-{M}ultilevel {BDDC} and its parallel implementation},
journal = {Computing},
   year = {2013},
 volume = {95},
 number = {12},
  pages = {1087--1119},
   xdoi = {10.1007/s00607-013-0293-5},
}

@article{Sousedik-2013-NBS,
  author = {Bed{\v r}ich Soused{\'\i}k},
   title = {{N}ested {BDDC} for a saddle-point problem},
xjournal = {Numer. Math.},
 journal = {Numerische Mathematik},
    year = {2013},
  volume = {125},  
  number = {4},
   pages = {761--783},
    xdoi = {10.1007/s00211-013-0548-2},
}

@article{Sistek-2012-FSC,
   author = "{\v{S}}\'{\i}stek, Jakub and \v{C}ert\'{\i}kov\'{a}, Marta and Burda, Pavel and Novotn\'{y}, Jaroslav",
    title = "Face-based Selection of Corners in 3{D} Substructuring",
  xJOURNAL = "Math. Comput. Simulation",
 journal = "Mathematics and Computers in Simulation",
   volume = "82",
   number = "10",
    pages = "1799--1811",
     year = "2012",
      xdoi = "10.1016/j.matcom.2011.06.007",
 preprint = "arXiv:0911.1245"
}

@book{Toselli-2005-DDM,
    AUTHOR = {Toselli, Andrea and Widlund, Olof B.},
     TITLE = {Domain Decomposition Methods---Algorithms and Theory},
    SERIES = {Springer Series in Computational Mathematics},
    VOLUME = {34},
 PUBLISHER = {Springer-Verlag},
   xADDRESS = {Berlin},
      YEAR = {2005},
     PAGES = {xvi+450},
      ISBN = {3-540-20696-5},
   MRCLASS = {65-02 (65N55 74S05 76M10)},
  MRNUMBER = {MR2104179 (2005g:65006)},
MRREVIEWER = {R{\'e}mi Vaillancourt},
}

@article{Tu-2005-BAM,
   author = "Xuemin Tu",
    title = "A {BDDC} Algorithm for Mixed Formulation of Flow in Porous Media",
     year = "2005",
  xjournal = "Electron. Trans. Numer. Anal.",
 journal = "Electronic Transactions on Numerical Analysis",
   volume = "20",
    pages = "164--179",
}

@article{Tu-2007-BAF,
  author = "Xuemin Tu",
   title = "A {BDDC} Algorithm for Flow in Porous Media with a Hybrid Finite Element Discretization",
    year = "2007",
 xjournal = "Electron. Trans. Numer. Anal.",
journal = "Electronic Transactions on Numerical Analysis",
  volume = "26",
   pages = "146--160",
}

@article{Tu-2007-TBT3D,
    AUTHOR = {Tu, Xuemin},
     TITLE = {Three-level {BDDC} in Three Dimensions},
   xJOURNAL = {SIAM J. Sci. Comput.},
  JOURNAL = {SIAM Journal on Scientific Computing},
    VOLUME = {29},
      YEAR = {2007},
    NUMBER = {4},
     PAGES = {1759--1780},
       xDOI = {10.1137/050629902},
}

@article{Tu-2008-BDD,
   title = "A balancing domain decomposition method by constraints
            for advection-diffusion problems",
  author = "Xuemin Tu and Jing Li",
 xjournal = "Commun. Appl. Math. Comput. Sci",
journal = "Communications in Applied Mathematics and Computational Science",
  volume = "3",
  number = "1",
    year = "2008",
   pages = "25--60",
}

@article{Tu-2011-TBA,
   author = {Tu, Xuemin},
   affiliation = {Department of Mathematics, University of Kansas,
                  Lawrence, KS 66045-7594, USA},
   title = {A three-level {BDDC} algorithm for a saddle point problem},
   journal = {Numerische Mathematik},
   volume = {119},
   number = {1},
   issn = {0029-599X},
   pages = {189--217},
   xdoi = {10.1007/s00211-011-0375-2},
   year = {2011},
}

@book{Vassilevski-2008-MBF,
   author = {Vassilevski, Panayot S.},
    title = {Multilevel block factorization preconditioners:
 matrix-based analysis and algorithms for solving finite element equations},
     year = {2008},
publisher = {Springer},
}

@article{Vohralik-2005-ODP,
         author = {Vohral{\'\i}k, Martin},
         title = {On the discrete {P}oincar\'{e}--{F}riedrichs inequalities for nonconforming approximations of the {S}obolev space ${H}^{1}$},
         journal = {Numerical Functional Analysis and Optimization},
         year = {2005},
         volume = {26},
         number = {7},
         pages = {925--952},
         xdoi = {10.1080/01630560500444533},
}

